{
  "sheet": "AIA Cash Flow Template",
  "rows": [
    [
      "",
      "Project Name",
      "",
      "Payment Terms: ",
      "Example:  AIA/ Progress Pay, 50/30/20, 30/30/30/10, 40/40/20",
      "",
      "",
      "",
      "",
      "",
      "",
      "",
      "",
      "",
      "",
      "",
      "",
      "",
      ""
    ],
    [
      "",
      "Project No.",
      "",
      "Payment Phases",
      "Contract Signed",
      "Product Shipping",
      "Substantial Completion",
      "Sign Off",
      "",
      "",
      "",
      "",
      "",
      "",
      "",
      "",
      "",
      "",
      ""
    ],
    [
      "",
      "Contract Award Date",
      "2023-08-31T22:00:00.000Z",
      "Percentages",
      0.4,
      0.3,
      0.2,
      0.1,
      "",
      "",
      "",
      "",
      "",
      "",
      "",
      "",
      "",
      "",
      ""
    ],
    [
      "",
      "Project Start Date",
      "2023-10-31T23:00:00.000Z",
      "",
      "",
      "",
      "",
      "",
      "",
      "",
      "",
      "",
      "",
      "",
      "",
      "",
      "",
      "",
      ""
    ],
    [
      "",
      "Scheduled Completion Date",
      "2023-12-14T23:00:00.000Z",
      "",
      "",
      "",
      "",
      "",
      "",
      "",
      "",
      "",
      "",
      "",
      "",
      "",
      "",
      "",
      ""
    ],
    [
      "",
      "",
      "",
      "",
      "",
      "",
      "",
      "",
      "",
      "",
      "",
      "",
      "",
      "",
      "",
      "",
      "",
      "",
      ""
    ],
    [
      "",
      "Revenue",
      "Expenses",
      "Gross Profit",
      "Gross Profit %",
      "Budget Tracking (+/-)",
      "",
      "",
      "",
      "",
      "",
      "",
      "",
      "",
      "",
      "",
      "",
      "",
      ""
    ],
    [
      "",
      85405.15842857142,
      95039.97214285714,
      -9634.813714285716,
      -0.11281301845887669,
      0,
      "",
      "",
      "",
      "",
      "",
      "",
      "",
      "",
      "",
      "",
      "",
      "",
      ""
    ],
    [
      "",
      "",
      "",
      "",
      "",
      "",
      "",
      "",
      "",
      "",
      "",
      "",
      "",
      "",
      "",
      "",
      "",
      "",
      ""
    ],
    [
      "Month",
      "",
      "",
      "",
      "2023-08-31T22:00:00.000Z",
      "2023-09-30T22:00:00.000Z",
      "2023-10-31T23:00:00.000Z",
      "2023-11-30T23:00:00.000Z",
      "2023-12-31T23:00:00.000Z",
      "2024-01-31T23:00:00.000Z",
      "2024-02-29T23:00:00.000Z",
      "2024-03-31T22:00:00.000Z",
      "2024-04-30T22:00:00.000Z",
      "2024-05-31T22:00:00.000Z",
      "2024-06-30T22:00:00.000Z",
      "2024-07-31T22:00:00.000Z",
      "2024-08-31T22:00:00.000Z",
      "FY23",
      "FY24"
    ],
    [
      "Revenue",
      "",
      "Amount",
      "Date Submitted",
      "",
      "",
      "",
      "",
      "",
      "",
      "",
      "",
      "",
      "",
      "",
      "",
      "",
      "",
      ""
    ],
    [
      1,
      "Submittals",
      6000.000000000001,
      "",
      "",
      2400.0000000000005,
      "",
      "",
      "",
      "",
      1800.0000000000002,
      "",
      "",
      1200.0000000000002,
      600.0000000000001,
      "",
      "",
      6000.000000000001,
      12000.000000000002
    ],
    [
      2,
      "LED / Technology Equipment & Processing",
      11382.578823529411,
      "",
      "",
      4553.0315294117645,
      "",
      "",
      "",
      "",
      3414.7736470588234,
      "",
      "",
      2276.5157647058822,
      1138.2578823529411,
      "",
      "",
      11382.57882352941,
      22765.15764705882
    ],
    [
      3,
      "Shipping",
      617.4211764705882,
      "",
      "",
      246.96847058823528,
      "",
      "",
      "",
      "",
      185.22635294117646,
      "",
      "",
      123.48423529411764,
      61.74211764705882,
      "",
      "",
      617.4211764705883,
      1234.8423529411766
    ],
    [
      4,
      "Structural Installation - Materials",
      5586.171428571429,
      "",
      "",
      2234.4685714285715,
      "",
      "",
      "",
      "",
      1675.8514285714286,
      "",
      "",
      1117.2342857142858,
      558.6171428571429,
      "",
      "",
      5586.17142857143,
      11172.34285714286
    ],
    [
      5,
      "Structural Installation - Labor",
      51285.71428571429,
      "",
      "",
      20514.285714285717,
      "",
      "",
      "",
      "",
      15385.714285714286,
      "",
      "",
      10257.142857142859,
      5128.571428571429,
      "",
      "",
      51285.71428571428,
      102571.42857142857
    ],
    [
      6,
      "Heavy Equipment Rentals",
      3571.4285714285716,
      "",
      "",
      1428.5714285714287,
      "",
      "",
      "",
      "",
      1071.4285714285713,
      "",
      "",
      714.2857142857143,
      357.14285714285717,
      "",
      "",
      3571.4285714285716,
      7142.857142857143
    ],
    [
      7,
      "Mechanical/ Electric Installation - Labor",
      0,
      "",
      "",
      0,
      "",
      "",
      "",
      "",
      0,
      "",
      "",
      0,
      0,
      "",
      "",
      0,
      0
    ],
    [
      8,
      "Mechanical/ Electric Installation - Material",
      0,
      "",
      "",
      0,
      "",
      "",
      "",
      "",
      0,
      "",
      "",
      0,
      0,
      "",
      "",
      0,
      0
    ],
    [
      9,
      "Structural Engineering",
      0,
      "",
      "",
      0,
      "",
      "",
      "",
      "",
      0,
      "",
      "",
      0,
      0,
      "",
      "",
      0,
      0
    ],
    [
      10,
      "Electrical Engineering",
      0,
      "",
      "",
      0,
      "",
      "",
      "",
      "",
      0,
      "",
      "",
      0,
      0,
      "",
      "",
      0,
      0
    ],
    [
      11,
      "Misc. Electrical Material (Panels, Etc.)",
      0,
      "",
      "",
      0,
      "",
      "",
      "",
      "",
      0,
      "",
      "",
      0,
      0,
      "",
      "",
      0,
      0
    ],
    [
      12,
      "Misc. Installation Material (Hoists, Etc.)",
      0,
      "",
      "",
      0,
      "",
      "",
      "",
      "",
      0,
      "",
      "",
      0,
      0,
      "",
      "",
      0,
      0
    ],
    [
      13,
      "CMS - Hardware",
      0,
      "",
      "",
      0,
      "",
      "",
      "",
      "",
      0,
      "",
      "",
      0,
      0,
      "",
      "",
      0,
      0
    ],
    [
      14,
      "CMS - Labor",
      0,
      "",
      "",
      0,
      "",
      "",
      "",
      "",
      0,
      "",
      "",
      0,
      0,
      "",
      "",
      0,
      0
    ],
    [
      15,
      "Scoring Equipment (OES, Etc.)",
      0,
      "",
      "",
      0,
      "",
      "",
      "",
      "",
      0,
      "",
      "",
      0,
      0,
      "",
      "",
      0,
      0
    ],
    [
      16,
      "SG&A - Project Management Fees",
      0,
      "",
      "",
      0,
      "",
      "",
      "",
      "",
      0,
      "",
      "",
      0,
      0,
      "",
      "",
      0,
      0
    ],
    [
      17,
      "Travel",
      0,
      "",
      "",
      0,
      "",
      "",
      "",
      "",
      0,
      "",
      "",
      0,
      0,
      "",
      "",
      0,
      0
    ],
    [
      18,
      "Service & Warranty Requirements",
      0,
      "",
      "",
      0,
      "",
      "",
      "",
      "",
      0,
      "",
      "",
      0,
      0,
      "",
      "",
      0,
      0
    ],
    [
      19,
      "Graphic Design Services",
      0,
      "",
      "",
      0,
      "",
      "",
      "",
      "",
      0,
      "",
      "",
      0,
      0,
      "",
      "",
      0,
      0
    ],
    [
      20,
      "Bond",
      6961.844142857143,
      "",
      "",
      2784.7376571428576,
      "",
      "",
      "",
      "",
      2088.553242857143,
      "",
      "",
      1392.3688285714288,
      696.1844142857144,
      "",
      "",
      6961.844142857143,
      13923.688285714286
    ],
    [
      21,
      "Taxes",
      0,
      "",
      "",
      0,
      "",
      "",
      "",
      "",
      0,
      "",
      "",
      "",
      0,
      "",
      "",
      0,
      0
    ],
    [
      "Total Revenue",
      "",
      85405.15842857142,
      "",
      0,
      34162.06337142858,
      0,
      0,
      0,
      0,
      25621.54752857143,
      0,
      0,
      17081.03168571429,
      8540.515842857145,
      0,
      0,
      34162.06337142858,
      51243.09505714287
    ],
    [
      "",
      "",
      "",
      "",
      "",
      "",
      "",
      "",
      "",
      "",
      "",
      "",
      "",
      "",
      "",
      "",
      "",
      "",
      ""
    ],
    [
      "Cost of Rev",
      "",
      "Starting Amount",
      "PO Number",
      "",
      "",
      "",
      "",
      "",
      "",
      "",
      "",
      "",
      "",
      "",
      "",
      "",
      "",
      ""
    ],
    [
      1,
      "Submittals",
      4200,
      "",
      "",
      "",
      1680,
      1260,
      840,
      "",
      420,
      "",
      "",
      "",
      "",
      420,
      "",
      4620,
      9240
    ],
    [
      2,
      "LED / Technology Equipment & Processing",
      41043,
      "",
      "",
      "",
      16417.2,
      "",
      "",
      "",
      "",
      12312.9,
      "",
      "",
      8208.6,
      4104.3,
      "",
      41043,
      82086
    ],
    [
      3,
      "Shipping",
      524.808,
      "",
      "",
      "",
      "",
      "",
      "",
      "",
      "",
      524.808,
      "",
      "",
      "",
      "",
      "",
      524.808,
      1049.616
    ],
    [
      4,
      "Structural Installation - Materials",
      3910.32,
      "",
      "",
      "",
      1564.1280000000002,
      1173.096,
      782.0640000000001,
      "",
      391.03200000000004,
      "",
      "",
      "",
      "",
      391.03200000000004,
      "",
      4301.352000000001,
      8602.704000000002
    ],
    [
      5,
      "Structural Installation - Labor",
      35900,
      "",
      "",
      "",
      14360,
      10770,
      7180,
      "",
      3590,
      "",
      "",
      "",
      "",
      3590,
      "",
      39490,
      78980
    ],
    [
      6,
      "Heavy Equipment Rentals",
      2500,
      "",
      "",
      "",
      1000,
      750,
      500,
      "",
      250,
      "",
      "",
      "",
      "",
      250,
      "",
      2750,
      5500
    ],
    [
      7,
      "Mechanical/ Electric Installation - Materials",
      0,
      "",
      "",
      "",
      0,
      0,
      0,
      "",
      0,
      "",
      "",
      "",
      "",
      0,
      "",
      0,
      0
    ],
    [
      8,
      "Mechanical/ Electric Installation - Labor",
      0,
      "",
      "",
      "",
      0,
      0,
      0,
      "",
      0,
      "",
      "",
      "",
      "",
      0,
      "",
      0,
      0
    ],
    [
      9,
      "Structural Engineering",
      0,
      "",
      "",
      "",
      0,
      0,
      0,
      "",
      0,
      "",
      "",
      "",
      "",
      0,
      "",
      0,
      0
    ],
    [
      10,
      "Electrical Engineering",
      0,
      "",
      "",
      "",
      0,
      0,
      0,
      "",
      0,
      "",
      "",
      "",
      "",
      0,
      "",
      0,
      0
    ],
    [
      11,
      "Misc. Electrical Material (Panels, Etc.)",
      0,
      "",
      "",
      "",
      0,
      0,
      0,
      "",
      0,
      "",
      "",
      "",
      "",
      0,
      "",
      0,
      0
    ],
    [
      12,
      "Misc. Installation Material (Hoists, Etc.)",
      0,
      "",
      "",
      "",
      0,
      0,
      0,
      "",
      0,
      "",
      "",
      "",
      "",
      0,
      "",
      0,
      0
    ],
    [
      13,
      "CMS - Hardware",
      0,
      "",
      "",
      "",
      0,
      0,
      0,
      "",
      0,
      "",
      "",
      "",
      "",
      0,
      "",
      0,
      0
    ],
    [
      14,
      "CMS - Labor",
      0,
      "",
      "",
      "",
      0,
      0,
      0,
      "",
      0,
      "",
      "",
      "",
      "",
      0,
      "",
      0,
      0
    ],
    [
      15,
      "Scoring Equipment (OES, Etc.)",
      0,
      "",
      "",
      "",
      0,
      0,
      0,
      "",
      0,
      "",
      "",
      "",
      "",
      0,
      "",
      0,
      0
    ],
    [
      16,
      "SG&A - Project Management Fees",
      0,
      "",
      "",
      "",
      0,
      0,
      0,
      "",
      0,
      "",
      "",
      "",
      "",
      0,
      "",
      0,
      0
    ],
    [
      17,
      "Travel",
      0,
      "",
      "",
      "",
      0,
      0,
      0,
      "",
      0,
      "",
      "",
      "",
      "",
      0,
      "",
      0,
      0
    ],
    [
      18,
      "Service & Warranty Requirements",
      0,
      "",
      "",
      "",
      0,
      0,
      0,
      "",
      0,
      "",
      "",
      "",
      "",
      0,
      "",
      0,
      0
    ],
    [
      19,
      "Graphic Design Services",
      0,
      "",
      "",
      "",
      0,
      0,
      0,
      "",
      0,
      "",
      "",
      "",
      "",
      0,
      "",
      0,
      0
    ],
    [
      20,
      "Bond",
      6961.844142857143,
      "",
      "",
      "",
      2784.7376571428576,
      2088.553242857143,
      1392.3688285714288,
      "",
      696.1844142857144,
      "",
      "",
      "",
      "",
      696.1844142857144,
      "",
      7658.028557142858,
      15316.057114285715
    ],
    [
      21,
      "Taxes",
      0,
      "",
      "",
      "",
      0,
      0,
      0,
      "",
      0,
      "",
      "",
      "",
      "",
      0,
      "",
      0,
      0
    ],
    [
      "Monthly Total COR",
      "",
      95039.97214285714,
      "",
      0,
      0,
      37806.065657142855,
      16041.649242857142,
      10694.43282857143,
      0,
      5347.216414285715,
      12837.707999999999,
      0,
      0,
      8208.6,
      9451.516414285714,
      0,
      53847.7149,
      46539.47365714285
    ],
    [
      "",
      "",
      "",
      "",
      "",
      "",
      "",
      "",
      "",
      "",
      "",
      "",
      "",
      "",
      "",
      "",
      "",
      "",
      ""
    ],
    [
      "Monthly Gross Profit",
      "",
      "",
      "",
      0,
      34162.06337142858,
      -37806.065657142855,
      -16041.649242857142,
      -10694.43282857143,
      0,
      20274.331114285716,
      -12837.707999999999,
      0,
      17081.03168571429,
      331.9158428571445,
      -9451.516414285714,
      0,
      -14982.03012857141,
      -29964.06025714282
    ],
    [
      "",
      "",
      "",
      "",
      "",
      "",
      "",
      "",
      "",
      "",
      "",
      "",
      "",
      "",
      "",
      "",
      "",
      "",
      ""
    ],
    [
      "Project Cash Flow",
      "",
      "",
      "",
      0,
      34162.06337142858,
      -3644.002285714276,
      -19685.65152857142,
      -30380.08435714285,
      -30380.08435714285,
      -10105.753242857132,
      -22943.46124285713,
      -22943.46124285713,
      -5862.429557142841,
      -5530.513714285697,
      -14982.03012857141,
      -14982.03012857141,
      "",
      ""
    ]
  ]
}